<?xml version="1.0" encoding="UTF-8" ?>
<collection xmlns:xsi="http://www.w3.org/2001/XMLSchema-instance"
    xsi:schemaLocation="http://www.loc.gov/MARC21/slim
        http://www.loc.gov/standards/marcxml/schema/MARC21slim.xsd"
    xmlns="http://www.loc.gov/MARC21/slim">
<record>
  <leader>00237cam a2200445 i 4500</leader>
  <controlfield tag="001">b12456871</controlfield>
  <controlfield tag="003">LeBAU</controlfield>
  <controlfield tag="005">20190916</controlfield>
  <controlfield tag="008">970522s1925    sy            ||1 0 ara d</controlfield>
  <datafield tag="035" ind1=" " ind2=" ">
    <subfield code="a">ocn784324472</subfield>
  </datafield>
  <datafield tag="040" ind1=" " ind2=" ">
    <subfield code="a">LEAUB</subfield>
    <subfield code="b">ara</subfield>
    <subfield code="e">rda</subfield>
    <subfield code="c">LEAUB</subfield>
    <subfield code="d">LEAUB</subfield>
  </datafield>
  <datafield tag="043" ind1=" " ind2=" ">
    <subfield code="a">f------</subfield>
    <subfield code="a">a------</subfield>
  </datafield>
  <datafield tag="082" ind1="0" ind2="4">
    <subfield code="a">360</subfield>
    <subfield code="2">23</subfield>
  </datafield>
  <datafield tag="110" ind1="1" ind2=" ">
    <subfield code="6">880-01</subfield>
    <subfield code="a">Syria.</subfield>
    <subfield code="b">Mudīrīyat al-Awqāf al-Islāmīyah al-ʻĀmmah.</subfield>
    <subfield code="e">issuing body.</subfield>
    <subfield code="0">https://lccn.loc.gov/n82053750 ,</subfield>
  </datafield>
  <datafield tag="245" ind1="1" ind2="0">
    <subfield code="6">880-02</subfield>
    <subfield code="a">Kitāb Waqf al-Wazīr Lālā Muṣṭafá Bāshā ;</subfield>
    <subfield code="b">Wa-yalīhi Kitāb Waqf Fāṭimah Khātūn bint Muḥammad Bik ibn al-Sulṭān al-Malik al-Ashraf Qānṣūh al-Ghūrī.</subfield>
  </datafield>
  <datafield tag="246" ind1="3" ind2="0">
    <subfield code="6">880-03</subfield>
    <subfield code="a">Waqf al-Wazīr Lālā Muṣṭafá Bāshā</subfield>
  </datafield>
  <datafield tag="264" ind1=" " ind2="1">
    <subfield code="6">880-04</subfield>
    <subfield code="a">Dimashq :</subfield>
    <subfield code="b">Maṭbaʻat al-Taraqqī,</subfield>
    <subfield code="c">1343 H. = 1925 M.</subfield>
  </datafield>
  <datafield tag="300" ind1=" " ind2=" ">
    <subfield code="6">880-05</subfield>
    <subfield code="a">260, 44 pages ;</subfield>
    <subfield code="c">27 cm</subfield>
  </datafield>
  <datafield tag="336" ind1=" " ind2=" ">
    <subfield code="a">text</subfield>
    <subfield code="b">txt</subfield>
    <subfield code="2">rdacontent</subfield>
  </datafield>
  <datafield tag="337" ind1=" " ind2=" ">
    <subfield code="a">unmediated</subfield>
    <subfield code="b">n</subfield>
    <subfield code="2">rdamedia</subfield>
  </datafield>
  <datafield tag="338" ind1=" " ind2=" ">
    <subfield code="a">volume</subfield>
    <subfield code="b">nc</subfield>
    <subfield code="2">rdacarrier</subfield>
  </datafield>
  <datafield tag="500" ind1=" " ind2=" ">
    <subfield code="a">"وقف على طبعها خليل بن احمد مردم بك."</subfield>
  </datafield>
  <datafield tag="500" ind1=" " ind2=" ">
    <subfield code="a">يتضمن كشافات.</subfield>
  </datafield>
  <datafield tag="650" ind1=" " ind2="4">
    <subfield code="a">الوقف</subfield>
    <subfield code="v">مصادر.</subfield>
  </datafield>
  <datafield tag="650" ind1=" " ind2="4">
    <subfield code="a">الوقفيات</subfield>
    <subfield code="z">البلدان الاسلامية</subfield>
    <subfield code="v">مصادر.</subfield>
  </datafield>
  <datafield tag="650" ind1=" " ind2="0">
    <subfield code="a">Waqf</subfield>
    <subfield code="v">Sources.</subfield>
  </datafield>
  <datafield tag="650" ind1=" " ind2="0">
    <subfield code="a">Endowments</subfield>
    <subfield code="z">Islamic countries</subfield>
    <subfield code="v">Sources.</subfield>
  </datafield>
  <datafield tag="710" ind1="2" ind2="2">
    <subfield code="6">880-06</subfield>
    <subfield code="a">Syria.</subfield>
    <subfield code="b">Mudīrīyat al-Awqāf al-Islāmīyah al-ʻĀmmah.</subfield>
    <subfield code="t">Waqf Fāṭimah Khātūn bint Muḥammad Bik ibn al-Sulṭān al-Malik al-Ashraf Qānṣūh al-Ghūrī.</subfield>
  </datafield>
  <datafield tag="852" ind1=" " ind2=" ">
    <subfield code="a">Jafet Library</subfield>
    <subfield code="e">American University of Beirut, Bliss Street , Beirut, Lebanon.</subfield>
  </datafield>
  <datafield tag="880" ind1="1" ind2=" ">
    <subfield code="6">110-01/(3/r</subfield>
    <subfield code="a">سوريا.</subfield>
    <subfield code="b">مديرية الأوقاف الإسلامية العامة،</subfield>
    <subfield code="0">https://lccn.loc.gov/n82053750 ,</subfield>
    <subfield code="e">مؤلف. </subfield>
    <subfield code="4">aut.</subfield>
  </datafield>
  <datafield tag="880" ind1="1" ind2="0">
    <subfield code="6">245-02/(3/r</subfield>
    <subfield code="a">كتاب وقف الوزير لالا مصطفى باشا ؛</subfield>
    <subfield code="b">ويليه كتاب وقف فاطمة خاتون بنت محمد بك ابن السلطان الملك الأشرف قانصوه الغوري.</subfield>
  </datafield>
  <datafield tag="880" ind1="3" ind2="0">
    <subfield code="6">246-03/(3/r</subfield>
    <subfield code="a">وقف الوزير لالا مصطفى باشا</subfield>
  </datafield>
  <datafield tag="880" ind1=" " ind2="1">
    <subfield code="6">264-04/(3/r</subfield>
    <subfield code="a">دمشق :</subfield>
    <subfield code="b">مطبعة الترقي،</subfield>
    <subfield code="c">1343 هـ. = 1925 م.</subfield>
  </datafield>
  <datafield tag="880" ind1=" " ind2=" ">
    <subfield code="6">300-05/(3/r</subfield>
    <subfield code="a">260، 44 صفحة ؛</subfield>
    <subfield code="c">27 سم</subfield>
  </datafield>
  <datafield tag="880" ind1="2" ind2="2">
    <subfield code="6">710-06/(3/r</subfield>
    <subfield code="a">سوريا.</subfield>
    <subfield code="b">مديرية الأوقاف الإسلامية العامة.</subfield>
    <subfield code="t">وقف فاطمة خاتون بنت محمد بك ابن السلطان الملك الأشرف قانصوه الغوري.</subfield>
  </datafield>
  <datafield tag="907" ind1=" " ind2=" ">
    <subfield code="a">.b12456871</subfield>
    <subfield code="b">19-10-23</subfield>
    <subfield code="c">11-05-24</subfield>
  </datafield>
  <datafield tag="907" ind1=" " ind2=" ">
    <subfield code="a">.b12456871</subfield>
    <subfield code="b">11-10-11</subfield>
    <subfield code="c">11-05-24</subfield>
  </datafield>
  <datafield tag="945" ind1=" " ind2=" ">
    <subfield code="f">CA</subfield>
    <subfield code="j">.i20609127</subfield>
    <subfield code="l">u0304</subfield>
  </datafield>
  <datafield tag="945" ind1=" " ind2=" ">
    <subfield code="f">J</subfield>
    <subfield code="a">360:D15kA:c.1</subfield>
    <subfield code="i">01021983</subfield>
    <subfield code="j">.i12936327</subfield>
    <subfield code="l">u0503</subfield>
  </datafield>
  <datafield tag="998" ind1=" " ind2=" ">
    <subfield code="a">u03</subfield>
    <subfield code="a">u05</subfield>
    <subfield code="b">97-05-22</subfield>
    <subfield code="c">m</subfield>
    <subfield code="d">a  </subfield>
    <subfield code="e">-</subfield>
    <subfield code="f">ara</subfield>
    <subfield code="g">sy </subfield>
    <subfield code="h">0</subfield>
    <subfield code="i">2</subfield>
  </datafield>
</record>
</collection>
